<?xml version="1.0" encoding="UTF-8"?><record xmlns="http://www.loc.gov/MARC21/slim" xmlns:cinclude="http://apache.org/cocoon/include/1.0" xmlns:zs="http://www.loc.gov/zing/srw/">
  <leader>00773cz  a2200145n  4500</leader>
  <controlfield tag="001">n 2008165518</controlfield>
  <controlfield tag="003">DLC</controlfield>
  <controlfield tag="005">20081211104749.0</controlfield>
  <controlfield tag="008">081208n| acannaabn           n ana      </controlfield>
  <datafield tag="010" ind1=" " ind2=" ">
    <subfield code="a">n 2008165518</subfield>
  </datafield>
  <datafield tag="040" ind1=" " ind2=" ">
    <subfield code="a">DLC</subfield>
    <subfield code="b">eng</subfield>
    <subfield code="c">DLC</subfield>
    <subfield code="d">DLC</subfield>
  </datafield>
  <datafield tag="110" ind1="2" ind2=" ">
    <subfield code="a">East Tennessee Iron Manufacturing Company</subfield>
  </datafield>
  <datafield tag="510" ind1="2" ind2=" ">
    <subfield code="w">a</subfield>
    <subfield code="a">East Tennessee Manufacturing Company</subfield>
  </datafield>
  <datafield tag="670" ind1=" " ind2=" ">
    <subfield code="a">NUCMC data from Chattanooga-Hamilton County Bicentennial Library for Richmond Hosiery Mills collection, 1913-1964</subfield>
    <subfield code="b">(four copies of deeds and title bonds pertaining to Robert Cravens and his East Tennessee Iron Manufacturing Company)</subfield>
  </datafield>
  <datafield tag="670" ind1=" " ind2=" ">
    <subfield code="a">LC database, Dec. 10, 2009</subfield>
    <subfield code="b">(hdg.: East Tennessee Manufacturing Company; iron manufacturing company in Chattanooga, Tenn.; later known as East Tennessee Iron Manufacturing Company)</subfield>
  </datafield>
</record>